% Created by Chenglong Chen
% Date: March 27, 2013
@book{MatrixCookBook,
  author        = {Kaare Brandt Petersen and Michael Syskind Pedersen},
  title         = {The Matrix Cookbook},
  publisher     = {},
  month         = {Nov. 15},
  year          = {2012},
}

@book{MatrixDiffCalc,
  author        = {Jan Magnus and Heinz Neudecker},
  title         = {Matrix Differential Calculus With Applications In Statistics And Econometrics},
  publisher     = {John Wiley \& Sons},
  edition       = {Third},
  month         = {Jan. 16},
  year          = {2007},
}

@article {Conditional,
    AUTHOR = {Dawid, A. P.},
     title = {Conditional independence in statistical theory},
   JOURNAL = {J. Roy. Statist. Soc. Ser. B},
    VOLUME = {41},
      YEAR = {1979},
    NUMBER = {1},
     PAGES = {1--31},
}

@book{PRML,
  author        = {Christopher M. Bishop},
  title         = {Pattern Recognition and Machine Learning},
  publisher     = {Springer},
  edition       = {},
  month         = {},
  year          = {2006},
}
